@misc{es4,
keywords = {es4},
mendeley-tags = {es4},
title = {{Icon Font \& SVG Icon Sets ❍ IcoMoon}},
url = {https://icomoon.io/},
urldate = {2015-05-07}
}
@misc{es3,
keywords = {Balsamiq Studios,balsamiq,confluence plugins,design,es3,interaction design,interface,jira plugins,mockups,ui,usability,user experience,ux,ux design,wire frames,wireframes,xwiki plugins},
mendeley-tags = {es3},
title = {{Balsamiq. Rapid, effective and fun wireframing software. - Balsamiq}},
url = {https://balsamiq.com/},
urldate = {2015-05-07}
}
@misc{es2,
keywords = {es2},
mendeley-tags = {es2},
title = {{Proto.io - Silly-fast mobile prototyping}},
url = {https://proto.io/},
urldate = {2015-05-07}
}
@misc{es1,
keywords = {android,angularjs,cordova,drifty,es1,html5,hybrid,ionic,ios,javascript,mobile,native,phonegap},
mendeley-tags = {es1},
title = {{Ionic: Advanced HTML5 Hybrid Mobile App Framework}},
url = {http://ionicframework.com/},
urldate = {2015-05-07}
}
@book{AS2,
author = {{Ramez Elmasri}, Shamkant Navathe},
edition = {6th},
isbn = {9780132144988},
keywords = {AS2},
mendeley-tags = {AS2},
publisher = {Pearson International},
title = {{Database Systems: Models, Languages, Design And Application Programming}},
url = {http://www.bokus.com/bok/9780132144988/database-systems-models-languages-design-and-application-programming-6th-edition-pearson-international-edition/}
}
@book{Sommerville,
author = {Sommerville, Ian},
edition = {9th},
isbn = {9780137035151},
keywords = {0137035152,9/E,9780137035151,AS1,Computer Science,Ian Sommerville,Pearson,Software Engineering,Software Engineering -- Advanced,Software Engineering -- Introduction,es16,es17,es18},
mendeley-tags = {AS1,es16,es17,es18},
publisher = {Pearson},
title = {{Software Engineering}},
url = {http://www.pearsonhighered.com/educator/product/Software-Engineering/9780137035151.page}
}
@misc{AS5,
keywords = {AS5},
mendeley-tags = {AS5},
title = {{Magic Tate Ball app | Tate}},
url = {http://www.tate.org.uk/context-comment/apps/magic-tate-ball},
urldate = {2015-05-07}
}
@misc{AS4,
keywords = {AS4},
mendeley-tags = {AS4},
title = {{Technologies lead to Adaptability \& lifelong enGagement with culture throughout the CLOUD » Towards “Cooltura”, the TAG CLOUD platform and app}},
url = {http://www.tagcloudproject.eu/?p=1390},
urldate = {2015-05-07}
}
@misc{AS3,
keywords = {AS3,HCI principles,design principles,heuristic evaluation,heuristics,interaction design,interaction design principles,interaction principles,interface design,usability evaluation,usability inspection,usability principles,user interface design,user interface evaluation},
mendeley-tags = {AS3},
title = {{10 Heuristics for User Interface Design: Article by Jakob Nielsen}},
url = {http://www.nngroup.com/articles/ten-usability-heuristics/},
urldate = {2015-05-07}
}
@misc{RA3,
keywords = {RA3},
mendeley-tags = {RA3},
title = {{What Titanium Appcelerator REALLY is and How it Works! : Forum One}},
url = {http://forumone.com/insights/what-titanium-appcelerator-really-and-how-it-works/},
urldate = {2015-05-07}
}
@misc{RA2,
keywords = {RA2},
mendeley-tags = {RA2},
title = {{PhoneGap | FAQs}},
url = {http://phonegap.com/about/faq/},
urldate = {2015-05-07}
}
@misc{RA1,
keywords = {RA1},
mendeley-tags = {RA1},
title = {{Where does the Ionic Framework fit in? | The Official Ionic Blog}},
url = {http://blog.ionic.io/where-does-the-ionic-framework-fit-in/},
urldate = {2015-05-07}
}
@misc{es19,
keywords = {es19},
mendeley-tags = {es19},
title = {{Digitalt fortalt}},
url = {http://digitaltfortalt.no/},
urldate = {2015-05-07}
}
@misc{es21,
keywords = {es21},
title = {{Technologies lead to Adaptability \& lifelong enGagement with culture throughout the CLOUD}},
url = {http://www.tagcloudproject.eu/},
urldate = {2015-05-07}
}
@article{es20,
author = {Fossen, Christian},
keywords = {es20},
language = {en},
mendeley-tags = {es20},
publisher = {ntnu.no},
title = {{Course - Informatics Project II - IT2901}},
url = {http://www.ntnu.edu/studies/courses/IT2901/\#tab=omEmnet}
}
